@electronic {
    frans,
    author ="Frans Pretorius",
    title = "N-body simulations",
    url = "http://physics.princeton.edu/~fpretori/Nbody/"
}

@electronic {
    OpenCL,
    author ="Khronos Group",
    title = "OpenCL Homepage",
    url = "https://www.khronos.org/opencl/"
}

@electronic {
    CUDA,
    author ="Nvidia",
    title = "CUDA Homepage",
    url = "https://www.nvidia.com/object/cuda_home_new.html"
}

@article {
    BarnesHut,
    author = "Josh Barnes and Piet Hut",
    title = "A hierarchical O(N log N) force-calculation algorithm",
    journal = "Nature",
    year = "1986"
}
